<?xml version="1.0" encoding="UTF-8"?><collection xmlns="http://www.loc.gov/MARC21/slim"><record><leader>00489nam--2200181-i-4500</leader><controlfield tag="001">000031373</controlfield><controlfield tag="002">20161230</controlfield><controlfield tag="005">20161230201038</controlfield><controlfield tag="008">060222s1000------------r-----000-0-fre-d</controlfield><datafield ind1=" " ind2=" " tag="040"><subfield code="a">IFIN-HH</subfield></datafield><datafield ind1=" " ind2=" " tag="041"><subfield code="a">fre</subfield></datafield><datafield ind1=" " ind2=" " tag="080"><subfield code="a">535:537.8</subfield></datafield><datafield ind1="1" ind2=" " tag="100"><subfield code="a">Mathieu, Jean-Paul</subfield></datafield><datafield ind1="1" ind2="0" tag="245"><subfield code="a">Optique</subfield><subfield code="b">Tom i: optique electromagnetique</subfield><subfield code="c">Jean-paul mathieu</subfield></datafield><datafield ind1=" " ind2=" " tag="260"><subfield code="a">Paris</subfield><subfield code="b">Societe D`Edition D`Enseignement Superieor</subfield><subfield code="c">1965</subfield></datafield><datafield ind1=" " ind2=" " tag="300"><subfield code="a">341P</subfield></datafield><datafield ind1=" " ind2=" " tag="852"><subfield code="a">76848</subfield><subfield code="c">535</subfield></datafield><datafield ind1=" " ind2=" " tag="CAT"><subfield code="a">Sys</subfield><subfield code="c">20101129</subfield><subfield code="h">083330</subfield></datafield></record></collection>